@article{neves2018modelo,
  title={Modelo de equa{\c{c}}{\~o}es estruturais: uma introdu{\c{c}}{\~a}o aplicada},
  author={Neves, Jorge Alexandre Barbosa},
  year={2018},
  publisher={Escola Nacional de Administra{\c{c}}{\~a}o P{\'u}blica (Enap)}
}

@article{pereira2013modelagem,
  title={Modelagem de equa{\c{c}}{\~o}es estruturais no software R},
  author={Pereira, Suziane dos Santos},
  year={2013}
}


